%%%%%%%%%%%%%%%%%%%%%%%%%%%%%%%%%%%%%%%%%%%%%%%%%%%%%%%%%%%%%%%%%%%%%%%%%%%%%%%%
% BOOKS
%%%%%%%%%%%%%%%%%%%%%%%%%%%%%%%%%%%%%%%%%%%%%%%%%%%%%%%%%%%%%%%%%%%%%%%%%%%%%%%%

@book{pressman,
	author = {Pressman, Roger and Pressman, Roger},
	day = {02},
	edition = {6},
	howpublished = {Hardcover},
	isbn = {007301933X},
	keywords = {software, software-engineering},
	month = apr,
	posted-at = {2009-07-12 19:25:59},
	priority = {1},
	publisher = {McGraw-Hill Science/Engineering/Math},
	title = {{Software Engineering: A Practitioner's Approach}},
	url = {http://www.amazon.com/exec/obidos/redirect?tag=citeulike07-20\&path=ASIN/007301933X},
	year = {2004}
}

@book{RBarkley,
   title =     {Taking Charge of ADHD, Third Edition: The Complete, Authoritative Guide for Parents},
   author =    {Russell A. Barkley},
   publisher = {The Guilford Press},
   isbn =      {1462508510,9781462508518},
   year =      {2013},
   series =    {},
   edition =   {3rd},
   volume =    {},
}

@thesis{Villa,
	author = {S\'{e}rgio Antonio Costa Villa},
	title = {CORES: Um Jogo para Tablets e Smartphones Android com Foco na Melhoria da Aten\c{c}\~{a}o e Controle Inibit\'{o}rio de Crian\c{c}as},
	institution = {Federal University of Bahia},
	type = {Coursework},
	year = {2014},
	OPTlanguage = {Portuguese},
	OPTlocation = {Brazil},	
}

@book{werbach2012win,
	title={For the Win: How Game Thinking Can Revolutionize Your Business},
	author={Kevin Werbach and Dan Hunter},
	isbn={9781613630235},
	url={http://books.google.com.br/books?id=abg0SnK3XdMC},
	year={2012},
	publisher={Wharton Digital Press}
}

@book{suits2014grasshopper,
	title={The Grasshopper, third edition: Games, Life and Utopia},
	author={Suits, B. and Hurka, T. and Newfeld, F.},
	isbn={9781770484863},
	url={http://books.google.com.br/books?id=K3ARAwAAQBAJ},
	year={2014},
	publisher={Broadview Press}
}



@book{barkleytranstorno,
	title={Transtorno de D{\'e}ficit de Aten{\c{c}}{\~a}o/Hiperatividade: Manual para Diagn{\'o}stico e Tratamento},
	author={Barkley, R.A.},
	isbn={9788536314662},
	url={http://books.google.com.br/books?id=aj9p1uvA7usC},
	publisher={Artmed Editora}
}

@book{lezak2004neuropsychological,
	title={Neuropsychological Assessment},
	author={Lezak, M.D.},
	isbn={9780195111217},
	lccn={2003190065},
	url={http://books.google.com.br/books?id=FroDVkVKA2EC},
	year={2004},
	publisher={Oxford University Press}
}

@book{goldenstroop,
	title={The Stroop Color and Word Test: A Manual for Clinical and Experimental Uses},
	author={Golden, C.J. and Freshwater, S.M.},
	year={1978},
	url={http://books.google.com.br/books?id=aRYEuAAACAAJ},
	publisher={Stoelting}
}

@book{association2013dsm,
	title={DSM 5: },
	author={American Psychiatric Association},
	url={http://books.google.com.br/books?id=pZlSAQAAQBAJ},
	year={2013},
	publisher={American Psychiatric Association},
	howpublished={\url{http://books.google.com.br/books?id=pZlSAQAAQBAJ}}
}

@book{association2000dsm,
	title={DSM-IV-TR: },
	author={American Psychiatric Association},
	url={http://books.google.com.br/books?id=eWNDQwAACAAJ},
	year={2000}
	publisher={American Psychiatric Association},
	howpublished={\url{http://books.google.com.br/books?id=eWNDQwAACAAJ}}
}

@book{chapman2013design,
	title={Design de Intera{\c{c}}{\~a}o - 3ed},
	author={Chapman, S.J.},
	isbn={9788582600085},
	url={http://books.google.com.br/books?id=d\_s4AgAAQBAJ},
	year={2013}
}
@book{schroeder2013andengine,
	title={AndEngine for Android Game Development Cookbook},
	author={Schroeder, J.},
	isbn={9781849518994},
	url={http://books.google.com.br/books?id=QCbUxHcYLskC},
	year={2013},
	publisher={Packt Publishing, Limited},
	howpublished={\url{http://books.google.com.br/books?id=QCbUxHcYLskC}}
}
@electronic{Dahlstroem2011,
	abstract = {{This specification defines the features and syntax for Scalable Vector Graphics (SVG) Version 1.1, a modularized language for describing two-dimensional vector and mixed vector/raster graphics in XML.}},
	author = {Dahlstr{\"{o}}m, Erik and Dengler, Patrick and Grasso, Anthony and Lilley, Chris and McCormack, Cameron and Schepers, Doug and Watt, Jonathan and Ferraiolo, Jon and Jun and Jackson, Dean},
	citeulike-article-id = {10210665},
	citeulike-linkout-0 = {http://www.w3.org/TR/2011/REC-SVG11-20110816/},
	comment = {Latest version: http://www.w3.org/TR/SVG11/},
	keywords = {scalable-vector-graphics},
	posted-at = {2012-01-09 23:30:51},
	priority = {2},
	publisher = {World Wide Web Consortium},
	title = {{Scalable Vector Graphics (SVG) 1.1 (Second Edition)}},
	url = {http://www.w3.org/TR/2011/REC-SVG11-20110816/},
	year = {2011}
}


@books{Zich,
	author 		= "Gabe Zichermann and Christopher Cunningham",
	title 		= "Gamification by Design",
	publisher 	= "O'Reilly",
	address 		= "Canada",
	year 			= "2011"	
}


%%%%%%%%%%%%%%%%%%%%%%%%%%%%%%%%%%%%%%%%%%%%%%%%%%%%%%%%%%%%%%%%%%%%%%%%%%%%%%%%
% ARTICLES
%%%%%%%%%%%%%%%%%%%%%%%%%%%%%%%%%%%%%%%%%%%%%%%%%%%%%%%%%%%%%%%%%%%%%%%%%%%%%%%%

@article{memory_adhd,
	address = {Department of Neuropediatrics, Karolinska Institute, Stockholm, Sweden. torkel.klingberg@neuro.ki.se},
	author = {Klingberg, T. and Forssberg, H. and Westerberg, H.},
	issn = {1380-3395},
	journal = {J Clin Exp Neuropsychol},
	keywords = {adhd, working\_memory},
	month = sep,
	number = {6},
	pages = {781--791},
	pmid = {12424652},
	posted-at = {2007-11-10 22:30:55},
	priority = {3},
	title = {{Training of working memory in children with ADHD.}},
	url = {http://view.ncbi.nlm.nih.gov/pubmed/12424652},
	volume = {24},
	year = {2002}
}


@article{Oliveira,
	title	= {CONCEPTS OF ANALYSIS FOR CREATING A CONCEPTUAL 	FRAMEWORK FOR THE USE OF GAMIFICATION AS AID TO THE COGNITIVE DEVELOPMENT OF CHILDREN WITH 
	ADHD},
	author = { Izaltino Oliveira },
	journal	= {15th ERGODESIGN},
	year	= {2014},
}


@article{Nemeth,
	doi	= {10.1016/s0887-6177(97)83627-x},
	title	= {A video game computer sub-program to modify the disinhibition process in ADHD adolescents : },
	author = { Nemeth, D. G., Creveling, C. C., & Litchinsky, D.},
	publisher	= {Elsevier Science},
	journal	= {Archives of Clinical Neuropsychology},
	issnp	= {0887-6177},
	issne	= {1873-5843},
	year	= {1997},
	volume	= {12},
	issue	= {4},
	page	= {0--376},
}

@article{Johnstone-2013,
	doi	= {10.1109/MTS.2013.2249355},
	title	= {Computer Gaming and ADHD: Potential Positive Influences on Behavior [Opinion]},
	author	= {Johnstone, Stuart},
	publisher	= {IEEE},
	journal	= {IEEE Technology and Society Magazine},
	issnp	= {0278-0097},
	year	= {2013},
	month	= {21},
	volume	= {32},
	issue	= {1},
	page	= {20--22},
}

@article{Bunchball,
author = "Inc. Bunchball",
title = "Gamification 101: An introduction to the use of game dynamics
to influence behavior",
year = "2010"
}

@inproceedings{gameAcm,
 author = {Deterding, Sebastian and Dixon, Dan and Khaled, Rilla and Nacke, Lennart},
 title = {From Game Design Elements to Gamefulness: Defining "Gamification"},
 booktitle = {Proceedings of the 15th International Academic MindTrek Conference: Envisioning Future Media Environments},
 series = {MindTrek '11},
 year = {2011},
 isbn = {978-1-4503-0816-8},
 location = {Tampere, Finland},
 pages = {9--15},
 numpages = {7},
 url = {http://doi.acm.org/10.1145/2181037.2181040},
 doi = {10.1145/2181037.2181040},
 acmid = {2181040},
 publisher = {ACM},
 address = {New York, NY, USA},
 keywords = {alternate reality games, game-based technologies, gameful design, gamefulness, games, gamification, pervasive games, play, playful design, playfulness, serious games},
} 

@article{macleod,
author = {Colin M. MacLeod},
title = {Half a Century of Research on the Stroop Effect: An Integrative Review},
journal = {Psychological Bulletin Inc.},
publisher = {American Psychological Association,},
year = 1991, 
issue = {2},
volume = {109},
pages = {163-203}

}

@article{lansbergen,
title = {Stroop Interference and Attention-Deficit/Hyperactivity Disorder: A Review and Meta-Analysis},
journal = {Neuropsychology},
year = {2007},
pages = {251-262},
author = { Marieke M. Lansbergen and J. Leon Kenemans, Herman van Engeland},issue = {2},
volume = {21},
}

@article{goldencj,
author = {C J Golden},
title =  {Identification of brain disorders by the Stroop Color and Word Test},
journal = {J Clin Psychol},
year = {1976},
volume = {32},
pages = {654–658}
}



@article{Psychoanalytic,
doi    = {10.1002/aps.270},
title    = {Psychoanalytic preventions/interventions and playing “rough-and-tumble” games: alternatives to medical treatments of children suffering from ADHD},
author    = {Marianne Leuzinger-Bohleber},
publisher    = {John Wiley and Sons},
journal    = {International Journal of Applied Psychoanalytic Studies},
issnp    = {1742-3341},
issne    = {1556-9187},
year    = {2010},
volume    = {7},
issue    = {4},
page    = {332--338},
}

@article{brainGames,
title    = {Brain Games as a Potential Nonpharmaceutical Alternative for the Treatment of ADHD},
author    = {S. C. Wegrzyn; D. Hearrington; T. Martin; A. B. Randolph},
year    = {2012},
page    = {--},
}

@article{design,
title    = {Designing for Attention Deficit Hyperactivity Disorder in Play Therapy: the case of Magic Land},
author    = {Olga Pykhtina, Madeline Balaam, Gavin Wood, Sue Pattison, Patrick Olivier},
publisher    = {ACM},
journal    = {DIS},
year    = {2012},
page    = {11--15},
}

@inproceedings{conf/cts/Aud13,
  added-at = {2013-08-26T00:00:00.000+0200},
  author = {Aud, Joel},
  biburl = {http://www.bibsonomy.org/bibtex/2875bfddcd4db7b308aea97dc8ab0b600/dblp},
  booktitle = {CTS},
  crossref = {conf/cts/2013},
  editor = {Fox, Geoffrey Charles and Smari, Waleed W.},
  ee = {http://dx.doi.org/10.1109/CTS.2013.6567247},
  interhash = {a3f4a9fb0008efafc858586a48df6064},
  intrahash = {875bfddcd4db7b308aea97dc8ab0b600},
  isbn = {978-1-4673-6403-4},
  keywords = {dblp},
  pages = {313-315},
  publisher = {IEEE},
  timestamp = {2015-06-18T12:50:02.000+0200},
  title = {Gamification - A real world example The power of intermittent reinforcement in event driven surveillance.},
  url = {http://dblp.uni-trier.de/db/conf/cts/cts2013.html#Aud13},
  year = 2013
}

@article{ADHDGames,
title    = {Inhibition, ADHD, and Computer Games: The Inhibitory Performance of Children with ADHD on Computerized Tasks and Games},
author    = {Shaw, R.},
publisher    = {Sage Publications},
journal    = {Journal of Attention Disorders},
issnp    = {1087-0547},
issne    = {1557-1246},
year    = {2005},
volume    = {8},
issue    = {4},
page    = {160--168},
}

@article{J-2014,
title	= {ADHD in the context of Finnish basic education},
author	= {J. Honkasilta; E. Sandberg; V. Närhi; M. Jahnukainen},
year	= {2014},
page	= {},
}

@article{Demurie-2013,
title	= {Domain-general and domain-specific aspects of temporal discounting in children with ADHD and autism spectrum disorders (ASD): A proof of concept study},
author	= {Demurie, Ellen; Roeyers, Herbert; Baeyens, Dieter; Sonuga-Barke, Edmund},
publisher	= {Elsevier Science},
journal	= {Research in Developmental Disabilities},
issnp	= {0891-4222},
year	= {2013},
month	= {6},
volume	= {34},
issue	= {6},
page	= {1870--1880},
}

@article{Bader-2014,
title	= {The concept of instability: a French perspective on the concept of ADHD},
author	= {Bader, Michel; Hadjikhani, Nouchine},
publisher	= {Springer Vienna},
journal	= {ADHD Attention Deficit and Hyperactivity Disorders},
issnp	= {1866-6116},
issne	= {1866-6647},
year	= {2014},
month	= {03},
volume	= {6},
issue	= {1},
page	= {11--17},
}

@article{Mariann-2010,
title    = {Psychoanalytic preventions/interventions and playing “rough-and-tumble” games: alternatives to medical treatments of children suffering from ADHD},
author    = {Marianne Leuzinger-Bohleber},
publisher    = {John Wiley and Sons},
journal    = {International Journal of Applied Psychoanalytic Studies},
issnp    = {1742-3341},
issne    = {1556-9187},
year    = {2010},
volume    = {7},
issue    = {4},
page    = {332--338},
}

@inproceedings{brasileiros,
doi    = {10.1109/vs-games.2011.21},
title    = { [IEEE 2011 3rd International Conference on Games and Virtual Worlds for Serious Applications (VS-GAMES 2011) - Athens, Greece (2011.05.4-2011.05.6)] 2011 Third International Conference on Games and Virtual Worlds for Serious Applications - Assessment of ADHD through a Computer Game: An Experiment with a Sample of Students},
author    = {Santos, Fabio E. G.; Bastos, Angela P. Z.; Andrade, Leila C. V.; Revoredo, Kate; Mattos, Paulo},
isbn    = {978-1-4577-0316-4},
year    = {2011},
page    = {104--111},
}

@article{Susa-2010,
doi    = {10.1016/j.shpsc.2009.12.005},
title    = {Embedding values: how science and society jointly valence a concept—the case of ADHD},
author    = {Susan Hawthorne},
publisher    = {Elsevier Science},
journal    = {Studies in History and Philosophy of Science Part C: Studies in History and Philosophy of Biological and Biomedical Sciences},
issnp    = {1369-8486},
year    = {2010},
volume    = {41},
issue    = {1},
page    = {0--31},
}


@article{likert,
	abstract = {{The project conceived in 1929 by Gardner Murphy and the writer aimed first to present a wide array of problems having to do with five major "attitude areas"--international relations, race relations, economic conflict, political conflict, and religion. The kind of questionnaire material falls into four classes: yes-no, multiple choice, propositions to be responded to by degrees of approval, and a series of brief newspaper narratives to be approved or disapproved in various degrees. The monograph aims to describe a technique rather than to give results. The appendix, covering ten pages, shows the method of constructing an attitude scale. A bibliography is also given.}},
	author = {Likert, R.},
	citeulike-article-id = {2731047},
	journal = {Archives of Psychology},
	keywords = {likert, questionnaire, thesis},
	number = {140},
	pages = {1--55},
	posted-at = {2009-06-26 16:21:58},
	priority = {2},
	title = {{A technique for the measurement of attitudes.}},
	volume = {22},
	year = {1932}
}

@article{Studies1935,
	author = {John Ridley Stroop},
	title = {Studies of interference in serial verbal reactions.},
	journal = {Journal of Experimental Psychology},
	volume = {18},
	number = {6},
	year = {1935},
	issn = {643-662},
	url = {http://psycnet.apa.org/doi/10.1037/h0054651},
	doi = {10.1037/h0054651},
	acmid = {1384407},
	publisher = {PsycARTICLES}
} 


@article{IVC,
	author = {Neusa Maria Costa Alexandre and Marina Zambon Orpinelli Coluci},
	title = {Validade de conteúdo nos processos de construção
	e adaptação de instrumentos de medidas.},
	journal = {Ciênc. saúde coletiva [online]},
	volume = {16},
	number = {7},
	year = {2011},
	issn = {1413-8123},
	url = {http://www.scielo.br/pdf/csc/v16n7/06.pdf},
	doi = {10.1590/S1413-81232011000800006},
	publisher = {http://www.scielo.br/}
}


@article{Langleben2006315,
	title = {Effect of methylphenidate on Stroop Color - Word task performance in children with attention deficit hyperactivity disorder },
	journal = {Psychiatry Research },
	volume = {141},
	number = {3},
	pages = {315 - 320},
	year = {2006},
	issn = {0165-1781},
	doi = {http://dx.doi.org/10.1016/j.psychres.2005.09.007},
	url = {http://www.sciencedirect.com/science/article/pii/S0165178105002994},
author = {Daniel D. Langleben and John Monterosso and Igor Elman and Brian Ash and Gary Krikorian and Glenn Austin},
keywords = {Methylphenidate},
keywords = {Interference},
keywords = {Response inhibition},
keywords = {Attention deficit hyperactivity disorder }
}

%% newest

@article{paper1,
 	author	="RASHIDI, ALI and IBRAHIM, RAHINAH",
	title	="ENGAGING COGNITION FOR IMPROVING WORKFORCE CAPABILITY THRU SERIOUS GAME TRAINING",
 	journal	="Poster Abstracts Design Computing and Cognition’14",
 	pages={67}
}


@article{Gartner,
  title={Gamification 2020: What Is the Future of Gamification?},
  author={Burke, Brian},
  journal={Gartner, Inc., Nov},
  volume={5},
  year={2012}
}

@article{witt2011gamification,
  title={Gamification of online idea competitions: Insights from an explorative case},
  author={Witt, Maximilian and Scheiner, Christian and Robra-Bissantz, Susanne},
  journal={Informatik schafft Communities},
  pages={192},
  year={2011}
}

@article{Jung:2010:EMA:1755993.1756004,
 author = {Jung, J. H. and Schneider, Christoph and Valacich, Joseph},
 title = {Enhancing the Motivational Affordance of Information Systems: The Effects of Real-Time Performance Feedback and Goal Setting in Group Collaboration Environments},
 journal = {Manage. Sci.},
 issue_date = {April 2010},
 volume = {56},
 number = {4},
 month = apr,
 year = {2010},
 issn = {0025-1909},
 pages = {724--742},
 numpages = {19},
 url = {http://dx.doi.org/10.1287/mnsc.1090.1129},
 doi = {10.1287/mnsc.1090.1129},
 acmid = {1756004},
 publisher = {INFORMS},
 address = {Institute for Operations Research and the Management Sciences (INFORMS), Linthicum, Maryland, USA},
 keywords = {collaboration, computer-mediated idea generation, goal setting, human--computer interaction, motivational affordance, performance feedback},
} 

@article{2212883,
 author = {Deterding, Sebastian},
 title = {Gamification: designing for motivation},
 journal = {interactions},
 volume = {19},
 number = {4},
 year = {2012},
 issn = {1072-5520},
 pages = {14--17},
 doi = {http://doi.acm.org/10.1145/2212877.2212883},
 publisher = {ACM},
 address = {New York, NY, USA},
 }

@article{Kosmadoudi:2013:RED:2442170.2442386,
 author = {Kosmadoudi, Zoe and Lim, Theodore and Ritchie, James and Louchart, Sandy and Liu, Ying and Sung, Raymond},
 title = {Review: Engineering Design Using Game-enhanced CAD: The Potential to Augment the User Experience with Game Elements},
 journal = {Comput. Aided Des.},
 issue_date = {March, 2013},
 volume = {45},
 number = {3},
 month = mar,
 year = {2013},
 issn = {0010-4485},
 pages = {777--795},
 numpages = {19},
 url = {http://dx.doi.org/10.1016/j.cad.2012.08.001},
 doi = {10.1016/j.cad.2012.08.001},
 acmid = {2442386},
 publisher = {Butterworth-Heinemann},
 address = {Newton, MA, USA},
 keywords = {CAD, Engagement, Engineering design, Games, User experience},
} 

@article{rashidi14engaging,
  title={ENGAGING COGNITION FOR IMPROVING WORKFORCE CAPABILITY THRU SERIOUS GAME TRAINING},
  author={RASHIDI, ALI and IBRAHIM, RAHINAH},
  journal={Poster Abstracts Design Computing and Cognition’14},
  pages={67},
  year={2014}
}


@article{levy2012get,
  title={Get in the Game: Applying Gamification to On-the-Job Safety},
  author={LEvY, MIcHAEL},
  journal={Occupational Health \& Safety},
  year={2012}
}

@inproceedings{neeli2012method,
  title={A method to engage employees using gamification in BPO industry},
  author={Neeli, Basanth Kumar},
  booktitle={Services in Emerging Markets (ICSEM), 2012 Third International Conference on},
  pages={142--146},
  year={2012},
  organization={IEEE}
}

@inproceedings{Eickhoff:2012:QTF:2348283.2348400,
 author = {Eickhoff, Carsten and Harris, Christopher G. and de Vries, Arjen P. and Srinivasan, Padmini},
 title = {Quality Through Flow and Immersion: Gamifying Crowdsourced Relevance Assessments},
 booktitle = {Proceedings of the 35th International ACM SIGIR Conference on Research and Development in Information Retrieval},
 series = {SIGIR '12},
 year = {2012},
 isbn = {978-1-4503-1472-5},
 location = {Portland, Oregon, USA},
 pages = {871--880},
 numpages = {10},
 url = {http://doi.acm.org/10.1145/2348283.2348400},
 doi = {10.1145/2348283.2348400},
 acmid = {2348400},
 publisher = {ACM},
 address = {New York, NY, USA},
 keywords = {clustering, crowdsourcing, gamification, relevance assessments, serious games},
} 


@inproceedings{Anderson:2013:SUB:2488388.2488398,
 author = {Anderson, Ashton and Huttenlocher, Daniel and Kleinberg, Jon and Leskovec, Jure},
 title = {Steering User Behavior with Badges},
 booktitle = {Proceedings of the 22Nd International Conference on World Wide Web},
 series = {WWW '13},
 year = {2013},
 isbn = {978-1-4503-2035-1},
 location = {Rio de Janeiro, Brazil},
 pages = {95--106},
 numpages = {12},
 url = {http://dl.acm.org/citation.cfm?id=2488388.2488398},
 acmid = {2488398},
 publisher = {International World Wide Web Conferences Steering Committee},
 address = {Republic and Canton of Geneva, Switzerland},
 keywords = {badge placement problem, badges, steering},
} 

@inproceedings{Huotari,
 author = {Huotari, Kai and Hamari, Juho},
 title = {Defining Gamification: A Service Marketing Perspective},
 booktitle = {Proceeding of the 16th International Academic MindTrek Conference},
 series = {MindTrek '12},
 year = {2012},
 isbn = {978-1-4503-1637-8},
 location = {Tampere, Finland},
 pages = {17--22},
 numpages = {6},
 url = {http://doi.acm.org/10.1145/2393132.2393137},
 doi = {10.1145/2393132.2393137},
 acmid = {2393137},
 publisher = {ACM},
 address = {New York, NY, USA},
 keywords = {game design, games, gamification, persuasive technologies, service design, service marketing},
} 


@inproceedings{Maltzahn:2014:GPD:2594776.2594783,
 author = {Maltzahn, Carlos and Jhala, Arnav and Mateas, Michael and Whitehead, Jim},
 title = {Gamification of Private Digital Data Archive Management},
 booktitle = {Proceedings of the First International Workshop on Gamification for Information Retrieval},
 series = {GamifIR '14},
 year = {2014},
 isbn = {978-1-4503-2892-0},
 location = {Amsterdam, The Netherlands},
 pages = {33--37},
 numpages = {5},
 url = {http://doi.acm.org/10.1145/2594776.2594783},
 doi = {10.1145/2594776.2594783},
 acmid = {2594783},
 publisher = {ACM},
 address = {New York, NY, USA},
 keywords = {casual games, digital data archives, tagging},
} 

@inproceedings{6542456, 
	author		={Masunaga, Y.}, 
	booktitle	={Social Informatics (SocialInformatics), 2012 International Conference on}, 
	title			={Social Computing: Its Evolving Definition and Modeling in the Context of Collective Intelligence}, 
	year			={2012}, 
	month			={Dec}, 
	pages			={314-319}, 
	keywords		={Web sites;data analysis;search engines;social networking (online);Google;SERF;Web society;Wikipedia article;collective intelligence;computer science;search engine results page analysis;search keyword;social computing;Google;Wikipedia;collective intelligence;computer science;definition of social computing;formal model of social computing;information-intensive society;social computing;the wisdom of crowd;web 2.0;web society},
	doi			={10.1109/SocialInformatics.2012.15},
}

@inproceedings{fred,
  added-at 	= {2010-12-21T00:00:00.000+0100},
  author 	= {Torres-Zenteno, Arturo Henry and Martins, Eliane and da Silva Torres, Ricardo and Cuaresma, Mar�a Jos� Escalona},
  biburl 	= {http://www.bibsonomy.org/bibtex/2c55d29f2b88ae8e79a2a326b2f890e23/dblp},
  booktitle = {CIbSE},
  crossref 	= {conf/cibse/2006},
  editor 	= {Castro, Jaelson and Cernuzzi, Luca and Gordillo, Silvia E.},
  interhash = {2885df8054596453a7a52f185de476a4},
  intrahash = {c55d29f2b88ae8e79a2a326b2f890e23},
  isbn 		= {978-950-34-0360-0},
  keywords 	= {dblp},
  pages 		= {449-462},
  timestamp = {2010-12-21T00:00:00.000+0100},
  title 		= {Teste de Desempenho em Aplica��es SIG Web.},
  url 		= {http://dblp.uni-trier.de/db/conf/cibse/cibse2006.html#Torres-ZentenoMTC06},
  year 		= 2006
}


@article{bowman:reasoning,
	author 	= "Mic Bowman and Saumya K. Debray and Larry L. Peterson",
	title 	= "Reasoning About Naming Systems",
	journal 	= "ACM Trans. Program. Lang. Syst.",
	volume 	= {15},
	number 	= {5},
	pages 	= {795-825},
	month 	= "November",
	year 	= {1993}	
}

@article{braams:babel,
	author 	= "Johannes Braams",
	title 	= "Babel, a Multilingual Style-Option System for Use with LaTeX's Standard Document Styles",
	journal 	= {TUGboat},
	volume 	= {12},
	number 	= {2},
	pages 	= {291-301},
	month 	= "June",
	year 		= {1991}	
}

@inproceedings{clark:pct,
	author 			= "Malcolm Clark",
	title 			= "Post Congress Tristesse",
	booktitle 		= "TeX90 Conference Proceedings",
	pages 			= "84-89",
	organization 	= "TeX Users Group",
	month 			= "March", 
	year 				= {1991}	
}

@article{herlihy:methodology,
	author 		= "Maurice Herlihy",
	title 		= "A Methodology for Implementing Highly Concurrent
	Data Objects",
	journal 		= "ACM Trans. Program. Lang. Syst.",
	volume 		= "15",
	number 		= "5",
	pages 		= "745-770",
	month 		= "November",
	year 			= "1993"	
}

@book{Lamport:LaTeX,
	author 		= "Leslie Lamport",
	title 		= "LaTeX User's Guide and Document Reference Manual",
	publisher 	= "Addison-Wesley Publishing Company",
	address 		= "Reading, Massachusetts",
	year 			= "1986"	
}

@book{salas:calculus,
	author 		= "S.L. Salas and Einar Hille",
	title 		= "Calculus: One and Several Variable",
	publisher	= "John Wiley and Sons",
	address 		= "New York",
	year 			= "1978"	
}

@article{Zich,
	author 		= "Zichermann, G., e Cunnhinguam, C.",
	title 		= "Gamification by design",
	journal 		= "O'Reilly",
	address		= "Canada",
	year 			= "2011"
}

@inproceedings{Liu,
	author 		= "LIU, Y., Alexandrova, T., Nakajima, T.",
	title 		= "Gamifying Intelligent Environments",
	journal 		= "International ACM workshop on Ubiquitous meta user interfaces",
	address		= "New York, NY, USA",
	pages			= "7-12",	
	year 			= "2011"
}

@article{Smith,
	author 		= "SMITH, R.",
	title 		= "The Future of Work is Play: Global Shifts Suggest Rise in Productivity Games",
	journal 		= "IEEE International Games Innovation Conference (IGIC)",
	pages			= "40-43",
	address		= "CA",
	year 			= "2011"
}

@article{Deterding,
	author 		= "DETERDING etc. al.",
	title 		= "Gamification: Toward a Definition",
	journal 		= "CHI Conference",
	pages			= "40-43",
	address		= "Vancouver, BC, Canada",
	year 			= "2011"
}

@article{Masunaga,
	author 		= "MASUNAGA, Y.",
	title 		= "Social Computing:Its Evolving Definition and Modeling in the Context of Collective Intelligence",
	journal 		= "International Conference on Social Informatics",
	month			= "December",
	address		= "Washington D.C USA",
	year 			= "2012"
}

@article{Medina,
	author 			= "MEDINA, B.",
	title				= "Gamifica\c{c}\~ao aplicada ao contexto de neg\'ocios",
	year = 2013,
}

@book{Mastrocola,
	author 		= "MASTROCOLA, V. M.",
	title 		= "Ludificador: Um guia de refer\^encias para o game designer brasileiro",
	address		= "S\~ao Paulo",
	year 			= "2012"
}

@techreport{IPTS,
	title 	 		= "The Impact of Social Computing on the EU Information Society and Economy",
	publisher 		= "Institute for Prospective Technological Studies",
	year		 		= "2009",
}
@techreport{Koskela,
	author	= "KOSKELA, L",
	title		= "Application of the new production philosophy to construction",
	journal	= "CIFE Technical Report",
	address	= "Stanford University, Palo Alto, California",
	year		= "1992"
}

@article{Huppert,
	author 			= "Huppert, F.A",
	title				= "Positive mental health in individuals and populations",
	journal			= "The science of well-being",
	pages				= "307-340",
	publisher		= "Oxford: University Press"
}

@book{Womack,
	author 		= "WOMACK, J.P; JONES, D.T",
	title 		= "A m\'aquina que mudou o mundo.",
	publisher	= "Campus",
	address 		= "Rio de Janeiro",
	year 			= "1996"	
}

@article{Cicmil,
	author 			= "HO, S.; CICMIL, S.",
	title				= "Japanese 5-S Practice.",
	journal			= "The TQM Magazine",
	pages				= "45-53"
}

@article{formoso,
	author 			= "Carlos Torres Formoso and James A. Powell  and Agnaldo dos Santos ",
	title				= "An exploratory study on the applicability of process transparency in construction sites ",
	journal			= "Journal of Construction Research",
	publisher		= "World Scientific Publishing Company",
	year = 2012,
}

@inproceedings{conf/mue/Yamakami13a,
  added-at = {2014-02-03T00:00:00.000+0100},
  author = {Yamakami, Toshihiko},
  biburl = {http://www.bibsonomy.org/bibtex/215ab010f3d31b1ce125139372aec9835/dblp},
  booktitle = {MUE},
  crossref = {conf/mue/2013},
  editor = {Park, James J. and Ng, Joseph Kee-Yin and Jeong, Hwa-Young and Waluyo, Agustinus Borgy},
  ee = {http://dx.doi.org/10.1007/978-94-007-6738-6_49},
  interhash = {010baf10e98591c10675568b236217ed},
  intrahash = {15ab010f3d31b1ce125139372aec9835},
  isbn = {978-94-007-6737-9},
  keywords = {dblp},
  pages = {395-403},
  publisher = {Springer},
  series = {Lecture Notes in Electrical Engineering},
  timestamp = {2015-07-29T11:43:40.000+0200},
  title = {Gamification Literacy: Emerging Needs for Identifying Bad Gamification.},
  url = {http://dblp.uni-trier.de/db/conf/mue/mue2013.html#Yamakami13a},
  volume = 240,
  year = 2013
}

@article{journals/chb/SimoesRV13,
  added-at = {2013-01-23T00:00:00.000+0100},
  author = {Simões, Jorge and Redondo, Rebeca P. Díaz and Vilas, Ana Fernández},
  biburl = {http://www.bibsonomy.org/bibtex/251436e12c0913e857abdcc7694c5f722/dblp},
  ee = {http://dx.doi.org/10.1016/j.chb.2012.06.007},
  interhash = {297e1da073e6834d0985cc77d1187f9b},
  intrahash = {51436e12c0913e857abdcc7694c5f722},
  journal = {Computers in Human Behavior},
  keywords = {dblp},
  number = 2,
  pages = {345-353},
  timestamp = {2013-01-24T11:36:04.000+0100},
  title = {A social gamification framework for a K-6 learning platform.},
  url = {http://dblp.uni-trier.de/db/journals/chb/chb29.html#SimoesRV13},
  volume = 29,
  year = 2013
}


@article{Kosmadoudi,
	 author = {Kosmadoudi, Zoe and Lim, Theodore and Ritchie, James and Louchart, Sandy and Liu, Ying and Sung, Raymond},
	 title = {Review: Engineering Design Using Game-enhanced CAD: The Potential to Augment the User Experience with Game Elements},
	 journal = {Comput. Aided Des.},
 	 issue_date = {March, 2013},
 	 volume = {45},
 	 number = {3},
	 month = mar,
 	 year = {2013},
 	 issn = {0010-4485},
 	 pages = {777--795},
 	 numpages = {19},
 	 url = {http://dx.doi.org/10.1016/j.cad.2012.08.001},
 	 doi = {10.1016/j.cad.2012.08.001},
 	 acmid = {2442386},
 	 publisher = {Butterworth-Heinemann},
 	 address = {Newton, MA, USA},
 	 keywords = {CAD, Engagement, Engineering design, Games, User experience},
} 

@inproceedings{Maltzahn,
	author = {Maltzahn, Carlos and Jhala, Arnav and Mateas, Michael and Whitehead, Jim},
 	title = {Gamification of Private Digital Data Archive Management},
	booktitle = {Proceedings of the First International Workshop on Gamification for Information Retrieval},
 	series = {GamifIR '14},
 	year = {2014},
 	isbn = {978-1-4503-2892-0},
 	location = {Amsterdam, The Netherlands},
 	pages = {33--37},
 	numpages = {5},
 	url = {http://doi.acm.org/10.1145/2594776.2594783},
 	doi = {10.1145/2594776.2594783},
 	acmid = {2594783},
 	publisher = {ACM},
 	address = {New York, NY, USA},
 	keywords = {casual games, digital data archives, tagging},
} 

@inproceedings{Lux,
 author = {Lux, Mathias and Guggenberger, Mario and Riegler, Michael},
 title = {PictureSort: Gamification of Image Ranking},
 booktitle = {Proceedings of the First International Workshop on Gamification for Information Retrieval},
 series = {GamifIR '14},
 year = {2014},
 isbn = {978-1-4503-2892-0},
 location = {Amsterdam, The Netherlands},
 pages = {57--60},
 numpages = {4},
 url = {http://doi.acm.org/10.1145/2594776.2594789},
 doi = {10.1145/2594776.2594789},
 acmid = {2594789},
 publisher = {ACM},
 address = {New York, NY, USA},
 keywords = {gamification, image ranking, information retrieval},
} 

@inproceedings{Fernandez,
 author = {Fern\'{a}ndez-Luna, Juan M. and Huete, Juan F. and Rodr\'{\i}guez-Avila, Humberto and Rodr\'{\i}guez-Cano, Julio C.},
 title = {Enhancing Collaborative Search Systems Engagement Through Gamification},
 booktitle = {Proceedings of the First International Workshop on Gamification for Information Retrieval},
 series = {GamifIR '14},
 year = {2014},
 isbn = {978-1-4503-2892-0},
 location = {Amsterdam, The Netherlands},
 pages = {42--45},
 numpages = {4},
 url = {http://doi.acm.org/10.1145/2594776.2594785},
 doi = {10.1145/2594776.2594785},
 acmid = {2594785},
 publisher = {ACM},
 address = {New York, NY, USA},
 keywords = {collaborative information seeking, gamification, human-computer interaction, information retrieval, user engagement},
} 

@inproceedings{Donovan,
 author = {O'Donovan, Siobhan and Gain, James and Marais, Patrick},
 title = {A Case Study in the Gamification of a University-level Games Development Course},
 booktitle = {Proceedings of the South African Institute for Computer Scientists and Information Technologists Conference},
 series = {SAICSIT '13},
 year = {2013},
 isbn = {978-1-4503-2112-9},
 location = {East London, South Africa},
 pages = {242--251},
 numpages = {10},
 url = {http://doi.acm.org/10.1145/2513456.2513469},
 doi = {10.1145/2513456.2513469},
 acmid = {2513469},
 publisher = {ACM},
 address = {New York, NY, USA},
 keywords = {active learning, games design, gamification},
} 

@inproceedings{Meder, 
author={Meder, Michael and Plumbaum, Till and Hopfgartner, Frank}, 
booktitle={Utility and Cloud Computing (UCC), 2013 IEEE/ACM 6th International Conference on}, 
title={Perceived and Actual Role of Gamification Principles}, 
year={2013}, 
month={Dec}, 
pages={488-493}, 
keywords={Companies;Context;Electronic mail;Employment;Encyclopedias;Games;Lead;enterprise;experiment;gamification;questionnaire;survey;workplace}, 
doi={10.1109/UCC.2013.95},
}

@inproceedings{Aparicio,
 author = {Aparicio, Andr{\'e}s Francisco and Vela, Francisco Luis Guti{\'e}rrez and S\'{a}nchez, Jos{\'e} Luis Gonz\'{a}lez and Montes, Jos{\'e} Luis Isla},
 title = {Analysis and Application of Gamification},
 booktitle = {Proceedings of the 13th International Conference on Interaccion Persona-Ordenador},
 series = {INTERACCION '12},
 year = {2012},
 isbn = {978-1-4503-1314-8},
 location = {Elche, Spain},
 pages = {17:1--17:2},
 articleno = {17},
 numpages = {2},
 url = {http://doi.acm.org/10.1145/2379636.2379653},
 doi = {10.1145/2379636.2379653},
 acmid = {2379653},
 publisher = {ACM},
 address = {New York, NY, USA},
 keywords = {analysis, gamification, mechanics, methodology, motivation},
} 


@incollection{Marache,
year={2013},
isbn={978-3-642-39240-5},
booktitle={Design, User Experience, and Usability. Health, Learning, Playing, Cultural, and Cross-Cultural User Experience},
volume={8013},
series={Lecture Notes in Computer Science},
editor={Marcus, Aaron},
doi={10.1007/978-3-642-39241-2_61},
title={Perception of Gamification: Between Graphical Design and Persuasive Design},
url={http://dx.doi.org/10.1007/978-3-642-39241-2_61},
publisher={Springer Berlin Heidelberg},
keywords={Ergonomics; User Experience; Gamification; Persuasive Technology; Emotional Design; Motivation},
author={Marache-Francisco, Cathie and Brangier, Eric},
pages={558-567},
language={English}
}




%%%%%%%%%%%%%%%%%%%%%%%%%%%%%%%%%%%%%%%%%%%%%%%%%%%%%%%%%%%%%%%%%%%%%%%%%%%%%%%%
% SITES
%%%%%%%%%%%%%%%%%%%%%%%%%%%%%%%%%%%%%%%%%%%%%%%%%%%%%%%%%%%%%%%%%%%%%%%%%%%%%%%%


@Misc{child_example, 
	url={http://www.c8sciences.com/a-back-to-school-guide-for-children-with-adhd/},
	author={ACTIVATE Program Works},
	year={2016},
	title={A Back to School Guide for Children with ADHD},

}


@Misc{ADHDDay, 
	url={http://www.feaadah.org/es/difusion/winarcdoc.php?id=194},
	author={Russell A. Barkley},
	year={2012},
	title={RE: Establishment of International ADHD Awareness Day},
	howpublished={\url{http://www.feaadah.org/es/difusion/winarcdoc.php?id=194}},
}

@Misc{DSM-5, 
	url={http://www.cdc.gov/ncbddd/adhd/diagnosis.html},
	author={CDC},
	year={2014},
	title={Symptoms and Diagnosis},
	howpublished={\url{http://www.cdc.gov/ncbddd/adhd/diagnosis.html}},

}

@Misc{gamehealth, 
	url={http://www.huffingtonpost.com/2012/06/26/gamification-health-game-promote_n_1626812.html},
	author={Kate Kelland},
	year={2012},
	title={Gamification: Drugmakers And Health Campaigners Turn To Games To Promote Health},
	howpublished={\url{http://www.huffingtonpost.com/2012/06/26/gamification-health-game-promote_n_1626812.html}},
}


@Misc{iStroop, 
	url={http://www.bd.nl/regio/den-bosch-en-omgeving/s-hertogenbosch/kinderen-met-adhd-hebben-begrip-geduld-en-coaching-nodig-1.4195956},
	author={Brabant-Dagblad},
	year={2015},
	title={Stroop Test}
}



@Misc{clubpsych, 
	url={http://clubpsych.usanetwork.com/},
	author={ NBCUniversal, Inc. },
	year={2014},
	title={Club Psych},
	howpublished={\url{http://clubpsych.usanetwork.com/}},
}

@Misc{ABDA, 
	title={Associa\c{c}\~{a}o Brasileira de D\'eficit de Aten\c{c}\~{a}o},
	author={ ABDA },
	year={2014},
	howpublished={\url{http://www.tdah.org.br/br/sobre-tdah/o-que-e-o-tdah.html}}
}

@Misc{w3c, 
	title={World Wide Web Consortium},
	author={ World Wide Web Consortium - W3C },
	year={2014},
	url={http://www.w3.org/Consortium/},
	howpublished={\url{http://www.w3.org/Consortium/}}
}

@Misc{andSVG, 
	title={AndEngineSVGTextureRegionExtension},
	author={ Nicolas Gramlich },
	year={2011},
	url={https://github.com/nicolasgramlich/AndEngineSVGTextureRegionExtension},
	howpublished={\url{https://github.com/nicolasgramlich/AndEngineSVGTextureRegionExtension}},
	publisher={GitHub, Inc.},
}

@Misc{googlePlay, 
	title={Google Play Game Services},
	author={ Google/Developers },
	year={2014},
	url={https://developers.google.com/games/services/},
	howpublished={\url{https://developers.google.com/games/services/}},
	publisher={Google Developers},
}

@Misc{googlePlayLib, 
	title={BaseGameUtils Lib},
	author={ Google/Developers },
	year={2014},
	url={https://developers.google.com/games/services/android/init?hl=pt-br},
	howpublished={\url{https://developers.google.com/games/services/android/init?hl=pt-br}},
	publisher={Google Developers},
}



@Misc{googlePlayAnd, 
	title={Google Play Game Services},
	author={ Android/Developers },
	year={2014},
	url={https://developer.android.com/google/play-services/games.html},
	howpublished={\url{https://developer.android.com/google/play-services/games.html}},
	publisher={Android Developers},
}

@Misc{AndIntent, 
	title={Android Intent public class},
	author={ Android/Developers },
	year={2014},
	url={http://developer.android.com/reference/android/content/Intent.html},
	howpublished={\url{http://developer.android.com/reference/android/content/Intent.html}},
	publisher={Android Developers},
}



@Misc{googlePlayAndLib, 
	title={Google Play Game Services Lib},
	author={ Android/Developers },
	year={2014},
	url={http://developer.android.com/google/play-services/setup.html},
	howpublished={\url{http://developer.android.com/google/play-services/setup.html}},
	publisher={Android Developers},
}







@Misc{andPlatform, 
	url={http://developer.android.com/about/dashboards/index.html}, 
	author={Android Developer/Dashboards},
	title={Android Developer Platform Versions}, 
	year={2013},
	published={2013},
	publisher={Android/Dashboards},
	howpublished={\url{http://developer.android.com/about/dashboards/index.html}}
}

@Misc{gamification, 
	url={https://www.coursera.org/course/gamification}, 
	title={Coursera - Gamification}, 
	author={Werbach, K.}, 
	year={2013},
	published={2013},
	publisher={Coursera/University of Pennsylvania},
	howpublished={\url{https://www.coursera.org/course/gamification}}
}

@Misc{andengine, 
	url={http://www.andengine.org/}, 
	title={AndEngine - Free Android 2D OpenGL Game Engine}, 
	author={Nicolas Gramlich}, 
	year={2010},
	published={2010},
	howpublished={\url{http://www.andengine.org/}}
}

@Misc{opengleseAPI, 
	url={http://developer.android.com/guide/topics/graphics/opengl.html/}, 
	title={OpenGL ES 2.0 - Android API}, 
	author={Android/Developers}, 
	year={2014},
	published={2014},
	howpublished={\url{http://developer.android.com/guide/topics/graphics/opengl.html/}}
}

@Misc{unity2d, 
	url={http://unity3d.com/pages/2d-power}, 
	title={Unity 2D}, 
	author={Unity Technologies}, 
	year={2013},
	published={2013},
	howpublished={\url{http://unity3d.com/pages/2d-power}}
}



@Misc{idcTablets, 
	url={http://br.idclatin.com/releases/news.aspx?id=1627}, 
	title={Tablets superam notebooks em vendas pela primeira vez, segundo estudo da IDC}, 
	published={03/04/2014},
	year={2014},
	author={IDC Brasil},
	publisher={IDC Brasil},
	howpublished={\url{http://br.idclatin.com/releases/news.aspx?id=1627}}
}

@Misc{android-official, 
	url={https://developer.android.com/about/dashboards/index.html}, 
	title={Dashboard}, 
	published={2016},
	year={2014},
	author={Android},
}

@Misc{idcCelulares, 
	url={http://br.idclatin.com/releases/news.aspx?id=1613}, 
	title={Estudo da IDC aponta que mercado brasileiro de celulares encerrou 2013 com a marca recorde de 67,8 milh\~{o}es de unidades comercializadas}, 
	published={02/04/2014},
	year={2014},
	publisher={IDC Brasil},
	author={IDC Brasil},
	howpublished={\url{http://br.idclatin.com/releases/news.aspx?id=1613}}
}

@Misc{idcEstudoTablets, 
	url={http://br.idclatin.com/releases/news.aspx?id=1545}, 
	title={Estudo da IDC mostra desempenho est\'{a}vel na venda de tablets no terceiro trimestre}, 
	published={28/11/2013},
	year={2013},
	publisher={IDC Brasil},
	author={IDC Brasil},
	howpublished={\url{http://br.idclatin.com/releases/news.aspx?id=1545}}
}

@Misc{idcEstudoSmart, 
	url={http://br.idclatin.com/releases/news.aspx?id=1547}, 
	title={Estudo da IDC mostra recorde nas vendas de smartphones no terceiro trimestre de 2013}, 
	published={28/11/2013},
	year={2013},
	publisher={IDC Brasil},
	author={IDC Brasil},
	howpublished={\url{http://br.idclatin.com/releases/news.aspx?id=1547}}
}

@Misc{Pesquisa, 
	url={http://www.bioetica.ufrgs.br/res19696.htm}, 
	author={MINIST\'{E}RIO DA SA\'{U}DE},
	title={Diretrizes e Normas Regulamentadoras de Pesquisas Envolvendo Seres Humanos},
	publisher={ufrgs},
	year={1987},
	howpublished={\url{http://www.bioetica.ufrgs.br/res19696.htm}}
}

@Misc{musica, 
	url={http://www.flashkit.com/loops/Ambient/always-jose-10187/index.php}, 
	author={jose},
	title={always - http://www.velsite.es},
	publisher={http://www.flashkit.com/loops/Ambient}
}


@article{Lauri-2011,
	doi	= {10.1007/s10664-010-9153-5},
	title	= {Qualitative research on software development: a longitudinal case study methodology},
	author	= {Laurie McLeod; Stephen G. MacDonell; Bill Doolin},
	publisher	= {Springer US},
	journal	= {Empirical Software Engineering},
	issnp	= {1382-3256},
	issne	= {1573-7616},
	year	= {2011},
	month	= {08},
	volume	= {16},
	issue	= {4},
	page	= {430--459},
	url =       {http://gen.lib.rus.ec/scimag/index.php?s=10.1007/s10664-010-9153-5},
}