%%%%%%%%%%%%%%%%%%%%%%%%%%%%%%%%%%%%%%%%%%%%%%%%%%%%%%%%%%%%%%%%%%%%%%%%%%%%%%%%
% BOOKS
%%%%%%%%%%%%%%%%%%%%%%%%%%%%%%%%%%%%%%%%%%%%%%%%%%%%%%%%%%%%%%%%%%%%%%%%%%%%%%%%

@book{werbach2012win,
  title={For the Win: How Game Thinking Can Revolutionize Your Business},
  author={Werbach, K. and Hunter, D.},
  isbn={9781613630235},
  url={http://books.google.com.br/books?id=abg0SnK3XdMC},
  year={2012},
  publisher={Wharton Digital Press}
}

@book{suits2014grasshopper,
  title={The Grasshopper, third edition: Games, Life and Utopia},
  author={Suits, B. and Hurka, T. and Newfeld, F.},
  isbn={9781770484863},
  url={http://books.google.com.br/books?id=K3ARAwAAQBAJ},
  year={2014},
  publisher={Broadview Press}
}

@book{huizinga1971homo,
  title={Homo Ludens: A Study of the Play-Element in Culture},
  author={Huizinga, J.},
  isbn={9780807097090},
  url={http://books.google.com.br/books?id=1ZADAQAAQBAJ},
  year={1971},
  publisher={Beacon Press}
}

@book{barkleytranstorno,
  title={Transtorno de D{\'e}ficit de Aten{\c{c}}{\~a}o/Hiperatividade: Manual para Diagn{\'o}stico e Tratamento},
  author={Barkley, R.A.},
  isbn={9788536314662},
  url={http://books.google.com.br/books?id=aj9p1uvA7usC},
  publisher={Artmed Editora}
}

@book{lezak2004neuropsychological,
  title={Neuropsychological Assessment},
  author={Lezak, M.D.},
  isbn={9780195111217},
  lccn={2003190065},
  url={http://books.google.com.br/books?id=FroDVkVKA2EC},
  year={2004},
  publisher={Oxford University Press}
}

@book{goldenstroop,
  title={The Stroop Color and Word Test: A Manual for Clinical and Experimental Uses},
  author={Golden, C.J. and Freshwater, S.M.},
  url={http://books.google.com.br/books?id=aRYEuAAACAAJ},
  publisher={Stoelting}
}




%%%%%%%%%%%%%%%%%%%%%%%%%%%%%%%%%%%%%%%%%%%%%%%%%%%%%%%%%%%%%%%%%%%%%%%%%%%%%%%%
% ARTICLES
%%%%%%%%%%%%%%%%%%%%%%%%%%%%%%%%%%%%%%%%%%%%%%%%%%%%%%%%%%%%%%%%%%%%%%%%%%%%%%%%

@inproceedings{gameAcm,
 author = {Deterding, Sebastian and Dixon, Dan and Khaled, Rilla and Nacke, Lennart},
 title = {From Game Design Elements to Gamefulness: Defining "Gamification"},
 booktitle = {Proceedings of the 15th International Academic MindTrek Conference: Envisioning Future Media Environments},
 series = {MindTrek '11},
 year = {2011},
 isbn = {978-1-4503-0816-8},
 location = {Tampere, Finland},
 pages = {9--15},
 numpages = {7},
 url = {http://doi.acm.org/10.1145/2181037.2181040},
 doi = {10.1145/2181037.2181040},
 acmid = {2181040},
 publisher = {ACM},
 address = {New York, NY, USA},
 keywords = {alternate reality games, game-based technologies, gameful design, gamefulness, games, gamification, pervasive games, play, playful design, playfulness, serious games},
} 


@article{Studies1935,
 author = {Stroop, J. R.},
 title = {Studies of interference in serial verbal reactions.},
 journal = {Journal of Experimental Psychology},
 volume = {18},
 number = {6},
 year = {1935},
 issn = {643-662},
 url = {http://psycnet.apa.org/doi/10.1037/h0054651},
 doi = {10.1037/h0054651},
 acmid = {1384407},
 publisher = {PsycARTICLES},
} 

@article{Langleben2006315,
title = {Effect of methylphenidate on Stroop Color - Word task performance in children with attention deficit hyperactivity disorder },
journal = {Psychiatry Research },
volume = {141},
number = {3},
pages = {315 - 320},
year = {2006},
issn = {0165-1781},
doi = {http://dx.doi.org/10.1016/j.psychres.2005.09.007},
url = [http://www.sciencedirect.com/science/article/pii/S0165178105002994},
author = {Daniel D. Langleben and John Monterosso and Igor Elman and Brian Ash and Gary Krikorian and Glenn Austin},
keywords = {Methylphenidate},
keywords = {Interference},
keywords = {Response inhibition},
keywords = {Attention deficit hyperactivity disorder }
}


%%%%%%%%%%%%%%%%%%%%%%%%%%%%%%%%%%%%%%%%%%%%%%%%%%%%%%%%%%%%%%%%%%%%%%%%%%%%%%%%
% SITES
%%%%%%%%%%%%%%%%%%%%%%%%%%%%%%%%%%%%%%%%%%%%%%%%%%%%%%%%%%%%%%%%%%%%%%%%%%%%%%%%

@Misc{clubpsych, 
	url={http://clubpsych.usanetwork.com/},
	title="Club Psych"
}

@Misc{Abda, 
	url={http://www.tdah.org.br/},
	title="ABDA"
}

@Misc{gamification, 
	url={https://www.coursera.org/course/gamification}, 
	title={Gamification}, 
	authors={Werbach, K.}, 
	published={2013},
	publisher={Coursera/University of Pennsylvania}
}

@Misc{idcTablets, 
	url={http://br.idclatin.com/releases/news.aspx?id=1627}, 
	title={Tablets superam notebooks em vendas pela primeira vez, segundo estudo da IDC}, 
	published={03/04/2014},
	publisher={IDC Brasil}
}

@Misc{idcCelulares, 
	url={http://br.idclatin.com/releases/news.aspx?id=1613}, 
	title={Estudo da IDC aponta que mercado brasileiro de celulares encerrou 2013 com a marca recorde de 67,8 milh\~{o}es de unidades comercializadas}, 
	published={02/04/2014},
	publisher={IDC Brasil}
}

@Misc{idcEstudoTablets, 
	url={http://br.idclatin.com/releases/news.aspx?id=1545}, 
	title={Estudo da IDC mostra desempenho est\'{a}vel na venda de tablets no terceiro trimestre}, 
	published={28/11/2013},
	publisher=[IDC Brasil}
}

@Misc{idcEstudoSmart, 
	url={http://br.idclatin.com/releases/news.aspx?id=1547}, 
	title={Estudo da IDC mostra recorde nas vendas de smartphones no terceiro trimestre de 2013}, 
	published={28/11/2013},
	publisher={IDC Brasil}
}

@Misc{Pesquisa, 
	url={http://www.bioetica.ufrgs.br/res19696.htm}, 
   author={MINIST\'{E}RIO DA SA\'{U}DE}
	title={Diretrizes e Normas Regulamentadoras de Pesquisas Envolvendo Seres Humanos},
	publisher={ufrgs}
}

@Misc{musica, 
	url={http://www.flashkit.com/loops/Ambient/always-jose-10187/index.php}, 
   author={jose}
	title={always - http://www.velsite.es},
	publisher={http://www.flashkit.com/loops/Ambient}
}
