@article{Gartner,
  title={Gamification 2020: What Is the Future of Gamification?},
  author={Burke, Brian},
  journal={Gartner, Inc., Nov},
  volume={5},
  year={2012}
}

@article{witt2011gamification,
  title={Gamification of online idea competitions: Insights from an explorative case},
  author={Witt, Maximilian and Scheiner, Christian and Robra-Bissantz, Susanne},
  journal={Informatik schafft Communities},
  pages={192},
  year={2011}
}

@article{Jung:2010:EMA:1755993.1756004,
 author = {Jung, J. H. and Schneider, Christoph and Valacich, Joseph},
 title = {Enhancing the Motivational Affordance of Information Systems: The Effects of Real-Time Performance Feedback and Goal Setting in Group Collaboration Environments},
 journal = {Manage. Sci.},
 issue_date = {April 2010},
 volume = {56},
 number = {4},
 month = apr,
 year = {2010},
 issn = {0025-1909},
 pages = {724--742},
 numpages = {19},
 url = {http://dx.doi.org/10.1287/mnsc.1090.1129},
 doi = {10.1287/mnsc.1090.1129},
 acmid = {1756004},
 publisher = {INFORMS},
 address = {Institute for Operations Research and the Management Sciences (INFORMS), Linthicum, Maryland, USA},
 keywords = {collaboration, computer-mediated idea generation, goal setting, human--computer interaction, motivational affordance, performance feedback},
} 


@inproceedings{Eickhoff:2012:QTF:2348283.2348400,
 author = {Eickhoff, Carsten and Harris, Christopher G. and de Vries, Arjen P. and Srinivasan, Padmini},
 title = {Quality Through Flow and Immersion: Gamifying Crowdsourced Relevance Assessments},
 booktitle = {Proceedings of the 35th International ACM SIGIR Conference on Research and Development in Information Retrieval},
 series = {SIGIR '12},
 year = {2012},
 isbn = {978-1-4503-1472-5},
 location = {Portland, Oregon, USA},
 pages = {871--880},
 numpages = {10},
 url = {http://doi.acm.org/10.1145/2348283.2348400},
 doi = {10.1145/2348283.2348400},
 acmid = {2348400},
 publisher = {ACM},
 address = {New York, NY, USA},
 keywords = {clustering, crowdsourcing, gamification, relevance assessments, serious games},
} 


@inproceedings{Anderson:2013:SUB:2488388.2488398,
 author = {Anderson, Ashton and Huttenlocher, Daniel and Kleinberg, Jon and Leskovec, Jure},
 title = {Steering User Behavior with Badges},
 booktitle = {Proceedings of the 22Nd International Conference on World Wide Web},
 series = {WWW '13},
 year = {2013},
 isbn = {978-1-4503-2035-1},
 location = {Rio de Janeiro, Brazil},
 pages = {95--106},
 numpages = {12},
 url = {http://dl.acm.org/citation.cfm?id=2488388.2488398},
 acmid = {2488398},
 publisher = {International World Wide Web Conferences Steering Committee},
 address = {Republic and Canton of Geneva, Switzerland},
 keywords = {badge placement problem, badges, steering},
} 

@inproceedings{Huotari,
 author = {Huotari, Kai and Hamari, Juho},
 title = {Defining Gamification: A Service Marketing Perspective},
 booktitle = {Proceeding of the 16th International Academic MindTrek Conference},
 series = {MindTrek '12},
 year = {2012},
 isbn = {978-1-4503-1637-8},
 location = {Tampere, Finland},
 pages = {17--22},
 numpages = {6},
 url = {http://doi.acm.org/10.1145/2393132.2393137},
 doi = {10.1145/2393132.2393137},
 acmid = {2393137},
 publisher = {ACM},
 address = {New York, NY, USA},
 keywords = {game design, games, gamification, persuasive technologies, service design, service marketing},
} 



@article{2212883,
 author = {Deterding, Sebastian},
 title = {Gamification: designing for motivation},
 journal = {interactions},
 volume = {19},
 number = {4},
 year = {2012},
 issn = {1072-5520},
 pages = {14--17},
 doi = {http://doi.acm.org/10.1145/2212877.2212883},
 publisher = {ACM},
 address = {New York, NY, USA},
 }

@article{Kosmadoudi:2013:RED:2442170.2442386,
 author = {Kosmadoudi, Zoe and Lim, Theodore and Ritchie, James and Louchart, Sandy and Liu, Ying and Sung, Raymond},
 title = {Review: Engineering Design Using Game-enhanced CAD: The Potential to Augment the User Experience with Game Elements},
 journal = {Comput. Aided Des.},
 issue_date = {March, 2013},
 volume = {45},
 number = {3},
 month = mar,
 year = {2013},
 issn = {0010-4485},
 pages = {777--795},
 numpages = {19},
 url = {http://dx.doi.org/10.1016/j.cad.2012.08.001},
 doi = {10.1016/j.cad.2012.08.001},
 acmid = {2442386},
 publisher = {Butterworth-Heinemann},
 address = {Newton, MA, USA},
 keywords = {CAD, Engagement, Engineering design, Games, User experience},
} 

@article{rashidi14engaging,
  title={ENGAGING COGNITION FOR IMPROVING WORKFORCE CAPABILITY THRU SERIOUS GAME TRAINING},
  author={RASHIDI, ALI and IBRAHIM, RAHINAH},
  journal={Poster Abstracts Design Computing and Cognition’14},
  pages={67},
  year={2014}
}

@inproceedings{neeli2012method,
  title={A method to engage employees using gamification in BPO industry},
  author={Neeli, Basanth Kumar},
  booktitle={Services in Emerging Markets (ICSEM), 2012 Third International Conference on},
  pages={142--146},
  year={2012},
  organization={IEEE}
}

@article{levy2012get,
  title={Get in the Game: Applying Gamification to On-the-Job Safety},
  author={LEvY, MIcHAEL},
  journal={Occupational Health \& Safety},
  year={2012}
}

@inproceedings{Maltzahn:2014:GPD:2594776.2594783,
 author = {Maltzahn, Carlos and Jhala, Arnav and Mateas, Michael and Whitehead, Jim},
 title = {Gamification of Private Digital Data Archive Management},
 booktitle = {Proceedings of the First International Workshop on Gamification for Information Retrieval},
 series = {GamifIR '14},
 year = {2014},
 isbn = {978-1-4503-2892-0},
 location = {Amsterdam, The Netherlands},
 pages = {33--37},
 numpages = {5},
 url = {http://doi.acm.org/10.1145/2594776.2594783},
 doi = {10.1145/2594776.2594783},
 acmid = {2594783},
 publisher = {ACM},
 address = {New York, NY, USA},
 keywords = {casual games, digital data archives, tagging},
} 

@inproceedings{6542456, 
	author		={Masunaga, Y.}, 
	booktitle	={Social Informatics (SocialInformatics), 2012 International Conference on}, 
	title			={Social Computing: Its Evolving Definition and Modeling in the Context of Collective Intelligence}, 
	year			={2012}, 
	month			={Dec}, 
	pages			={314-319}, 
	keywords		={Web sites;data analysis;search engines;social networking (online);Google;SERF;Web society;Wikipedia article;collective intelligence;computer science;search engine results page analysis;search keyword;social computing;Google;Wikipedia;collective intelligence;computer science;definition of social computing;formal model of social computing;information-intensive society;social computing;the wisdom of crowd;web 2.0;web society},
	doi			={10.1109/SocialInformatics.2012.15},
}

@inproceedings{fred,
  added-at 	= {2010-12-21T00:00:00.000+0100},
  author 	= {Torres-Zenteno, Arturo Henry and Martins, Eliane and da Silva Torres, Ricardo and Cuaresma, Mar�a Jos� Escalona},
  biburl 	= {http://www.bibsonomy.org/bibtex/2c55d29f2b88ae8e79a2a326b2f890e23/dblp},
  booktitle = {CIbSE},
  crossref 	= {conf/cibse/2006},
  editor 	= {Castro, Jaelson and Cernuzzi, Luca and Gordillo, Silvia E.},
  interhash = {2885df8054596453a7a52f185de476a4},
  intrahash = {c55d29f2b88ae8e79a2a326b2f890e23},
  isbn 		= {978-950-34-0360-0},
  keywords 	= {dblp},
  pages 		= {449-462},
  timestamp = {2010-12-21T00:00:00.000+0100},
  title 		= {Teste de Desempenho em Aplica��es SIG Web.},
  url 		= {http://dblp.uni-trier.de/db/conf/cibse/cibse2006.html#Torres-ZentenoMTC06},
  year 		= 2006
}

@books{Zich,
	author 		= "Gabe Zichermann and Christopher Cunningham",
	title 		= "Gamification by Design",
	publisher 	= "O'Reilly",
	address 		= "Canada",
	year 			= "2011"	
}

@article{bowman:reasoning,
	author 	= "Mic Bowman and Saumya K. Debray and Larry L. Peterson",
	title 	= "Reasoning About Naming Systems",
	journal 	= "ACM Trans. Program. Lang. Syst.",
	volume 	= {15},
	number 	= {5},
	pages 	= {795-825},
	month 	= "November",
	year 	= {1993}	
}

@article{braams:babel,
	author 	= "Johannes Braams",
	title 	= "Babel, a Multilingual Style-Option System for Use with LaTeX's Standard Document Styles",
	journal 	= {TUGboat},
	volume 	= {12},
	number 	= {2},
	pages 	= {291-301},
	month 	= "June",
	year 		= {1991}	
}

@inproceedings{clark:pct,
	author 			= "Malcolm Clark",
	title 			= "Post Congress Tristesse",
	booktitle 		= "TeX90 Conference Proceedings",
	pages 			= "84-89",
	organization 	= "TeX Users Group",
	month 			= "March", 
	year 				= {1991}	
}

@article{herlihy:methodology,
	author 		= "Maurice Herlihy",
	title 		= "A Methodology for Implementing Highly Concurrent
	Data Objects",
	journal 		= "ACM Trans. Program. Lang. Syst.",
	volume 		= "15",
	number 		= "5",
	pages 		= "745-770",
	month 		= "November",
	year 			= "1993"	
}

@book{Lamport:LaTeX,
	author 		= "Leslie Lamport",
	title 		= "LaTeX User's Guide and Document Reference Manual",
	publisher 	= "Addison-Wesley Publishing Company",
	address 		= "Reading, Massachusetts",
	year 			= "1986"	
}

@book{salas:calculus,
	author 		= "S.L. Salas and Einar Hille",
	title 		= "Calculus: One and Several Variable",
	publisher	= "John Wiley and Sons",
	address 		= "New York",
	year 			= "1978"	
}

@article{Zich,
	author 		= "Zichermann, G., e Cunnhinguam, C.",
	title 		= "Gamification by design",
	journal 		= "O'Reilly",
	address		= "Canada",
	year 			= "2011"
}

@inproceedings{Liu,
	author 		= "LIU, Y., Alexandrova, T., Nakajima, T.",
	title 		= "Gamifying Intelligent Environments",
	journal 		= "International ACM workshop on Ubiquitous meta user interfaces",
	address		= "New York, NY, USA",
	pages			= "7-12",	
	year 			= "2011"
}

@article{Smith,
	author 		= "SMITH, R.",
	title 		= "The Future of Work is Play: Global Shifts Suggest Rise in Productivity Games",
	journal 		= "IEEE International Games Innovation Conference (IGIC)",
	pages			= "40-43",
	address		= "CA",
	year 			= "2011"
}

@article{Deterding,
	author 		= "DETERDING etc. al.",
	title 		= "Gamification: Toward a Definition",
	journal 		= "CHI Conference",
	pages			= "40-43",
	address		= "Vancouver, BC, Canada",
	year 			= "2011"
}

@article{Masunaga,
	author 		= "MASUNAGA, Y.",
	title 		= "Social Computing:Its Evolving Definition and Modeling in the Context of Collective Intelligence",
	journal 		= "International Conference on Social Informatics",
	month			= "December",
	address		= "Washington D.C USA",
	year 			= "2012"
}

@article{Medina,
	author 			= "MEDINA, B.",
	title				= "Gamifica\c{c}\~ao aplicada ao contexto de neg\'ocios",
}

@book{Mastrocola,
	author 		= "MASTROCOLA, V. M.",
	title 		= "Ludificador: Um guia de refer\^encias para o game designer brasileiro",
	address		= "S\~ao Paulo",
	year 			= "2012"
}

@techreport{IPTS,
	title 	 		= "The Impact of Social Computing on the EU Information Society and Economy",
	publisher 		= "Institute for Prospective Technological Studies",
	year		 		= "2009",
}
@techreport{Koskela,
	author	= "KOSKELA, L",
	title		= "Application of the new production philosophy to construction",
	journal	= "CIFE Technical Report",
	address	= "Stanford University, Palo Alto, California",
	year		= "1992"
}

@article{Huppert,
	author 			= "Huppert, F.A",
	title				= "Positive mental health in individuals and populations",
	journal			= "The science of well-being",
	pages				= "307-340",
	publisher		= "Oxford: University Press"
}

@book{Womack,
	author 		= "WOMACK, J.P; JONES, D.T",
	title 		= "A m\'aquina que mudou o mundo.",
	publisher	= "Campus",
	address 		= "Rio de Janeiro",
	year 			= "1996"	
}

@article{Cicmil,
	author 			= "HO, S.; CICMIL, S.",
	title				= "Japanese 5-S Practice.",
	journal			= "The TQM Magazine",
	pages				= "45-53"
}

@article{formoso,
	author 			= "Carlos Torres Formoso and James A. Powell  and Agnaldo dos Santos ",
	title				= "An exploratory study on the applicability of process transparency in construction sites ",
	journal			= "Journal of Construction Research",
	publisher		= "World Scientific Publishing Company: 2002"
}

@article{Kosmadoudi,
	 author = {Kosmadoudi, Zoe and Lim, Theodore and Ritchie, James and Louchart, Sandy and Liu, Ying and Sung, Raymond},
	 title = {Review: Engineering Design Using Game-enhanced CAD: The Potential to Augment the User Experience with Game Elements},
	 journal = {Comput. Aided Des.},
 	 issue_date = {March, 2013},
 	 volume = {45},
 	 number = {3},
	 month = mar,
 	 year = {2013},
 	 issn = {0010-4485},
 	 pages = {777--795},
 	 numpages = {19},
 	 url = {http://dx.doi.org/10.1016/j.cad.2012.08.001},
 	 doi = {10.1016/j.cad.2012.08.001},
 	 acmid = {2442386},
 	 publisher = {Butterworth-Heinemann},
 	 address = {Newton, MA, USA},
 	 keywords = {CAD, Engagement, Engineering design, Games, User experience},
} 

@inproceedings{Maltzahn,
	author = {Maltzahn, Carlos and Jhala, Arnav and Mateas, Michael and Whitehead, Jim},
 	title = {Gamification of Private Digital Data Archive Management},
	booktitle = {Proceedings of the First International Workshop on Gamification for Information Retrieval},
 	series = {GamifIR '14},
 	year = {2014},
 	isbn = {978-1-4503-2892-0},
 	location = {Amsterdam, The Netherlands},
 	pages = {33--37},
 	numpages = {5},
 	url = {http://doi.acm.org/10.1145/2594776.2594783},
 	doi = {10.1145/2594776.2594783},
 	acmid = {2594783},
 	publisher = {ACM},
 	address = {New York, NY, USA},
 	keywords = {casual games, digital data archives, tagging},
} 

@inproceedings{Lux,
 author = {Lux, Mathias and Guggenberger, Mario and Riegler, Michael},
 title = {PictureSort: Gamification of Image Ranking},
 booktitle = {Proceedings of the First International Workshop on Gamification for Information Retrieval},
 series = {GamifIR '14},
 year = {2014},
 isbn = {978-1-4503-2892-0},
 location = {Amsterdam, The Netherlands},
 pages = {57--60},
 numpages = {4},
 url = {http://doi.acm.org/10.1145/2594776.2594789},
 doi = {10.1145/2594776.2594789},
 acmid = {2594789},
 publisher = {ACM},
 address = {New York, NY, USA},
 keywords = {gamification, image ranking, information retrieval},
} 

@inproceedings{Fernandez,
 author = {Fern\'{a}ndez-Luna, Juan M. and Huete, Juan F. and Rodr\'{\i}guez-Avila, Humberto and Rodr\'{\i}guez-Cano, Julio C.},
 title = {Enhancing Collaborative Search Systems Engagement Through Gamification},
 booktitle = {Proceedings of the First International Workshop on Gamification for Information Retrieval},
 series = {GamifIR '14},
 year = {2014},
 isbn = {978-1-4503-2892-0},
 location = {Amsterdam, The Netherlands},
 pages = {42--45},
 numpages = {4},
 url = {http://doi.acm.org/10.1145/2594776.2594785},
 doi = {10.1145/2594776.2594785},
 acmid = {2594785},
 publisher = {ACM},
 address = {New York, NY, USA},
 keywords = {collaborative information seeking, gamification, human-computer interaction, information retrieval, user engagement},
} 

@inproceedings{Donovan,
 author = {O'Donovan, Siobhan and Gain, James and Marais, Patrick},
 title = {A Case Study in the Gamification of a University-level Games Development Course},
 booktitle = {Proceedings of the South African Institute for Computer Scientists and Information Technologists Conference},
 series = {SAICSIT '13},
 year = {2013},
 isbn = {978-1-4503-2112-9},
 location = {East London, South Africa},
 pages = {242--251},
 numpages = {10},
 url = {http://doi.acm.org/10.1145/2513456.2513469},
 doi = {10.1145/2513456.2513469},
 acmid = {2513469},
 publisher = {ACM},
 address = {New York, NY, USA},
 keywords = {active learning, games design, gamification},
} 

@inproceedings{Meder, 
author={Meder, Michael and Plumbaum, Till and Hopfgartner, Frank}, 
booktitle={Utility and Cloud Computing (UCC), 2013 IEEE/ACM 6th International Conference on}, 
title={Perceived and Actual Role of Gamification Principles}, 
year={2013}, 
month={Dec}, 
pages={488-493}, 
keywords={Companies;Context;Electronic mail;Employment;Encyclopedias;Games;Lead;enterprise;experiment;gamification;questionnaire;survey;workplace}, 
doi={10.1109/UCC.2013.95},
}

@incollection{Marache,
year={2013},
isbn={978-3-642-39240-5},
booktitle={Design, User Experience, and Usability. Health, Learning, Playing, Cultural, and Cross-Cultural User Experience},
volume={8013},
series={Lecture Notes in Computer Science},
editor={Marcus, Aaron},
doi={10.1007/978-3-642-39241-2_61},
title={Perception of Gamification: Between Graphical Design and Persuasive Design},
url={http://dx.doi.org/10.1007/978-3-642-39241-2_61},
publisher={Springer Berlin Heidelberg},
keywords={Ergonomics; User Experience; Gamification; Persuasive Technology; Emotional Design; Motivation},
author={Marache-Francisco, Cathie and Brangier, Eric},
pages={558-567},
language={English}
}


@inproceedings{Aparicio,
 author = {Aparicio, Andr{\'e}s Francisco and Vela, Francisco Luis Guti{\'e}rrez and S\'{a}nchez, Jos{\'e} Luis Gonz\'{a}lez and Montes, Jos{\'e} Luis Isla},
 title = {Analysis and Application of Gamification},
 booktitle = {Proceedings of the 13th International Conference on Interaccion Persona-Ordenador},
 series = {INTERACCION '12},
 year = {2012},
 isbn = {978-1-4503-1314-8},
 location = {Elche, Spain},
 pages = {17:1--17:2},
 articleno = {17},
 numpages = {2},
 url = {http://doi.acm.org/10.1145/2379636.2379653},
 doi = {10.1145/2379636.2379653},
 acmid = {2379653},
 publisher = {ACM},
 address = {New York, NY, USA},
 keywords = {analysis, gamification, mechanics, methodology, motivation},
} 


@article{paper1,
 	author	="RASHIDI, ALI and IBRAHIM, RAHINAH",
	title	="ENGAGING COGNITION FOR IMPROVING WORKFORCE CAPABILITY THRU SERIOUS GAME TRAINING",
 	journal	="Poster Abstracts Design Computing and Cognition’14",
 	pages={67}
}



